%% This BibTeX bibliography file was created using BibDesk.
%% http://bibdesk.sourceforge.net/


%% Created for Matthew Stevens at 2014-03-10 13:47:40 +0100 


%% Saved with string encoding Unicode (UTF-8) 



@book{Menezes2010,
	Author = {Alfred J. Menezes, Paul C. van Oorschot, Scott A. Vanstone},
	Date-Added = {2014-03-10 12:36:51 +0000},
	Date-Modified = {2014-03-10 12:47:36 +0000},
	Publisher = {CRC Press},
	Title = {Handbook of Applied Cryptography},
	Year = {2010}}

@webpage{Gille-Genest2014,
	Author = {Anne Gille-Genest},
	Date-Modified = {2014-02-10 11:18:32 +0000},
	Lastchecked = {2014},
	Month = {March},
	Title = {Pseudo-Random Numbers Generators},
	Url = {https://quanto.inria.fr/pdf_html/mc_random_doc/},
	Year = {2012},
	Bdsk-Url-1 = {https://quanto.inria.fr/pdf_html/mc_random_doc/}}

@incollection{Blum1983,
	Author = {Blum, Lenore and Blum, Manuel and Shub, Michael},
	Booktitle = {Advances in Cryptology},
	Doi = {10.1007/978-1-4757-0602-4_6},
	Editor = {Chaum, David and Rivest, RonaldL. and Sherman, Alan T.},
	Isbn = {978-1-4757-0604-8},
	Language = {English},
	Pages = {61-78},
	Publisher = {Springer US},
	Title = {Comparison of Two Pseudo-Random Number Generators},
	Url = {http://dx.doi.org/10.1007/978-1-4757-0602-4_6},
	Year = {1983},
	Bdsk-Url-1 = {http://dx.doi.org/10.1007/978-1-4757-0602-4_6}}

@webpage{Leydold2012,
	Author = {Josef Leydold},
	Date-Modified = {2014-02-10 11:17:29 +0000},
	Month = {August},
	Title = {Streams of random numbers},
	Url = {http://cran.r-project.org/web/packages/rstream/rstream.pdf},
	Year = {2012},
	Bdsk-Url-1 = {http://cran.r-project.org/web/packages/rstream/rstream.pdf}}

@webpage{Filliben2012,
	Author = {Filliben, James J. and Heckert, Alan},
	Booktitle = {NIST/SEMATECH e-Handbook of Statistical Methods},
	Lastchecked = {2014},
	Month = {April},
	Title = {Runs Test for Detecting Non-randomness},
	Url = {http://www.itl.nist.gov/div898/handbook/eda/section3/eda35d.htm},
	Year = {2012},
	Bdsk-Url-1 = {http://www.itl.nist.gov/div898/handbook/eda/section3/eda35d.htm}}

@webpage{stata2014,
	Author = {StataCorp LP},
	Booktitle = {Diehard test results on Stata's random-number generator},
	Lastchecked = {2014},
	Month = {February},
	Url = {http://www.stata.com/support/cert/diehard/},
	Year = {2014},
	Bdsk-Url-1 = {http://www.stata.com/support/cert/diehard/}}

@webpage{Brown2014,
	Author = {Robert G. Brown, Dirk Eddelbuettel, David Bauer},
	Booktitle = {Dieharder: A Random Number Test Suite},
	Lastchecked = {2014},
	Month = {February},
	Url = {http://www.phy.duke.edu/~rgb/General/dieharder.php},
	Year = {2014},
	Bdsk-Url-1 = {http://www.phy.duke.edu/~rgb/General/dieharder.php}}
